<?xml version="1.0" encoding="UTF-8"?><collection xmlns="http://www.loc.gov/MARC21/slim"><record><leader>00514nam--2200145-i-4500</leader><controlfield tag="001">000010476</controlfield><controlfield tag="002">20161230</controlfield><controlfield tag="005">20170305202946</controlfield><controlfield tag="008">060222s1000------------r-----000-0-eng-d</controlfield><datafield ind1=" " ind2=" " tag="100"><subfield code="a">Campbell Ii, Frank Thomas</subfield></datafield><datafield ind1=" " ind2=" " tag="245"><subfield code="a">Simultaneous determination of gold, mercury, silver, tellurium and uranium by instrumental neutron and photon activation analysis</subfield><subfield code="b">thesis</subfield></datafield><datafield ind1=" " ind2=" " tag="260"><subfield code="a">Ann Arbor, Michigan</subfield><subfield code="b">University Microfilms, A Xerox Company</subfield><subfield code="c">1971</subfield></datafield><datafield ind1=" " ind2=" " tag="300"><subfield code="a">115 p</subfield></datafield><datafield ind1=" " ind2=" " tag="852"><subfield code="a">015:543.53</subfield></datafield><datafield ind1=" " ind2=" " tag="CAT"><subfield code="a">SYS</subfield><subfield code="c">20170305</subfield><subfield code="h">202946</subfield></datafield></record></collection>